2318 4216
139 267 216 350 420
414 233 732 349 ἑή*

66 451 70 468 “
129 431 279 509 hostibus
296 439 331 509 in
350 432 492 536 angustis
513 439 679 508 montium
704 431 854 507 faucibus
878 437 1019 526 circum.

53 557 70 597 ι’
130 558 289 625 ventum,
314 534 504 637 summaque
525 543 638 636 inopia
657 563 746 638 aquae
767 535 928 635 pressum,
950 527 1018 611 t'an·

128 653 202 709 tum
222 634 347 711 subiisse
368 636 550 727 discrimen,
566 662 603 710 ut
626 662 756 713 tontum
774 661 842 709 non
862 636 902 709 de
922 636 1018 712 salute

127 736 366 839 desperandum
384 733 471 831 esset,
490 768 560 815 uno
582 767 640 814 ore
660 738 817 813 testantur
832 739 1018 840 Scriptores

128 836 217 913 iilius
232 842 266 913 ἅ
281 838 378 915 secuti
392 849 453 915 tevi
466 870 534 917 non
549 848 661 944 pauci,
682 841 784 940 idque
798 857 1018 914 monumento

129 938 214 1031 alia,
242 969 312 1041 quae
331 964 457 1015 retntem
481 942 647 1036 tulerunt,
679 941 784 1017 valide
806 939 1018 1021 confirmant,

127 1040 248 1141 Neque
260 1048 357 1117 etiam
371 1052 486 1146 negari
504 1070 523 1117 a
540 1065 710 1145 quoquam
729 1048 880 1144 poterit,
897 1047 935 1115 in
950 1067 1018 1116 ma-

127 1139 168 1217 lis
186 1147 237 1220 his
257 1150 428 1231 extremis,
454 1145 607 1246 singulari
633 1176 653 1220 ο
680 1151 755 1220 timi
776 1142 943 1217 Numinis
964 1141 1016 1216 be·

124 1241 253 1320 neficio.
273 1245 420 1344 pionem
433 1271 632 1345 exoptatam,
650 1171 773 1321 fluere
796 1244 943 1332 aureum,
955 1249 1016 1318 mi-

125 1341 221 1417 litem
242 1347 428 1423 Romanum
453 1348 647 1423 mirabiliter
663 1344 834 1431 reereoffe,
860 1351 956 1419 eitue
975 1344 1014 1418 'ad

125 1444 382 1543 propellendum
418 1447 545 1523 hostem
581 1445 669 1524 vites‘
706 1473 810 1520 novas
850 1373 1018 1525 adsidite.

127 1548 168 1626 Id
191 1553 280 1622 enim
302 1577 372 1624 non
391 1550 493 1624 modo
514 1547 701 1625 testimonio
720 1545 964 1623 Historicorum
986 1575 1018 1620 o·

125 1643 261 1723 inuium
280 1656 414 1739 nititur,
442 1650 547 1727 sed&
567 1648 764 1754 prutcrhos
785 1645 901 1722 testem
920 1648 1019 1722 habe·

124 1761 202 1825 inus
228 1760 322 1825 omni
347 1744 536 1850 exceptione
562 1755 742 1836 maiorem,
771 1747 1015 1850 Imperatorem

123 1852 247 1960 ipsum,
266 1860 322 1954 qui
340 1857 456 1955 magni
475 1851 575 1927 huius
594 1848 742 1926 benefitii
763 1850 867 1924 divini
887 1859 1015 1925 memo·-

124 1962 221 2040 riam‚
248 1956 281 2029 δι
304 1960 452 2028 nummis
475 1982 514 2026 eo
534 1951 600 2028 fine
620 1949 790 2061 percussis,
816 1953 850 2024 u
870 1960 904 2026 in
930 1953 1018 2025 colu·

126 2082 208 2131 mna
224 2055 482 2154 Antoniniana,
503 2056 615 2131 Rome
638 2060 819 2127 etiamnum
838 2052 1017 2153 superstite,

124 2159 167 2232 ad
196 2156 281 2233 seros
307 2155 455 2254 posteros
481 2163 722 2241 transmittere,
754 2181 886 2256 requom
914 2157 1016 2228 duxit.

124 2259 178 2333 Eo
195 2284 275 2330 vero
290 2279 452 2356 tempore,
466 2282 644 2331 numerum
661 2253 938 2342 Christianorum,
959 2261 1014 2355 qui

125 2359 227 2433 eastra
243 2360 390 2433 Romane
413 2356 634 2457 sequerentur,
646 2355 742 2431 fuisse
760 2383 829 2429 non
847 2366 1017 2458 exiguum,

127 2459 244 2535 multis
269 2458 378 2532 modio
402 2457 571 2546 testatum,
598 2459 632 2531 ἅ
656 2485 674 2531 a
698 2458 719 2529 d
728 2457 741 2555 )
773 2464 853 2531 viris
881 2458 1015 2533 eruditis

122 2560 326 2665 probatum,
358 2559 415 2638 est.
479 2557 627 2634 Potestne
648 2583 757 2633 autem
787 2560 927 2632 dubium
949 2567 1016 2632 coi·

126 2690 227 2764 qutun
247 2665 318 2748 esse,
344 2662 466 2737 Christi
485 2662 645 2754 cultores,
670 2668 703 2760 in
721 2668 858 2734 exercito
873 2662 1015 2739 Aurelii

123 2766 298 2848 Antonius
317 2766 507 2857 militantes,
531 2762 785 2858 convincunt,
808 2764 847 2835 orl
868 2790 947 2862 qucu
965 2772 1011 2836 in-

125 2875 205 2942 citos
225 2868 258 2941 ὅ(
275 2868 343 2967 ipsi,
359 2870 394 2939 ἃ
418 2890 505 2939 totus
525 2873 692 2955 exercitus,
713 2892 789 2936 cum
810 2862 877 2960 ipso
900 2866 1012 2964 I'mpe·

124 2993 234 3043 ratore
250 2965 372 3043 rediet
388 2967 499 3049 essent,
515 2973 590 3065 piis,
607 2965 755 3063 fervidis,
769 2972 1013 3066 continuisque,

125 3068 279 3169 precibus
303 3066 558 3140 misericordiam
579 3067 639 3143 Dei
659 3065 858 3166 implorasse,
878 3068 912 3139 ἃ
933 3094 1011 3140 curn

124 3171 234 3270 aliquo
256 3169 374 3243 fiducia
397 3174 599 3269 ereptionem
626 3193 643 3238 e
664 3174 763 3243 tantis
788 3165 881 3240 malis
912 3168 952 3241 ab
978 3168 1015 3243 is·

126 3270 189 3345 sius
204 3271 332 3344 infinite
345 3267 491 3349 bonitate
502 3270 560 3343 fibi
571 3268 736 3370 pollicitos
753 3269 824 3342 effe.
874 3270 1013 3345 Etenim

125 3397 237 3454 moret
265 3372 400 3452 illorum
425 3395 638 3472 temporum,
678 3372 797 3472 quibus
829 3370 1011 3445 Christiani

942 3498 1011 3544 non

169 3593 301 3682 attide
318 3596 463 3668 thsu
481 3592 629 3663 uiuum
646 3594 790 3658 laudatum
808 3587 842 3676 i·
852 3609 898 3670 41,
909 3611 952 3669 43,
966 3610 1010 3672 44,
