2318 4216
214 264 302 357 ne·
505 270 560 365 o
658 269 698 361 e
795 266 846 358 ιι
1114 332 1117 337 -

496 442 825 525 EPISTOLAXII.
929 438 998 495 -’
1071 446 1074 451 ’
1146 430 1149 435 ’

400 595 609 689 ιιιιιιι
654 590 920 687 niuniu
1028 634 1049 671 .

165 762 336 861 ''Arg
366 763 518 827 Mishnieae
540 760 785 847 interpresationie
804 756 858 829 suae
880 750 1030 823 dationem
1044 756 1109 823 ted·

299 869 351 930 dit.
369 868 512 933 Literarta
520 865 661 931 nonnulla
677 862 768 931 addit

15 1064 22 1091 ¹
108 1136 111 1141 .
219 964 385 1279 Quod
407 1067 574 1147 Mishnica
598 994 727 1143 tralatio
755 1066 864 1145 nostra
886 1094 973 1145 curae
1002 1078 1110 1139 mtu-

335 1217 413 1291 pere
437 1192 498 1266 tibi
518 1191 601 1283 fuit,
625 1190 813 1295 predicare
823 1191 915 1269 haud
944 1188 1021 1268 satie
1039 1182 1111 1295 pos-

197 1294 328 1387 sum.
356 1311 450 1419 Qid
464 1333 575 1385 tamen
589 1310 786 1412 prudentius
798 1308 931 1385 consilio
950 1306 1024 1396 isto,
1044 1332 1113 1407 quo
1149 1370 1152 1375 .

218 1431 309 1506 Viro
327 1430 460 1507 cuidam
475 1427 601 1503 ἀοξῐιίΐ
601 1455 671 1513 mo
697 1428 863 1531 suppresso
885 1412 1042 1527 tantisper
1050 1444 1113 1497 nov

219 1554 318 1625 mine
334 1571 423 1633 meo,
446 1544 611 1645 specimen
640 1544 724 1619 istud
762 1546 990 1646 qualecunque
1019 1570 1110 1621 eom

218 1664 421 1745 municasti?
458 1666 537 1741 Haec
564 1672 728 1740 nimirum
754 1671 851 1745 unica
876 1654 1012 1741 curandi
1026 1668 1112 1737 ratio
1139 1648 1147 1658 ’

119 1768 127 1783 ’
219 1779 282 1865 est,
315 1805 353 1856 ut
379 1779 523 1856 limatius
536 1784 711 1881 prodeant,
736 1803 954 1880 quaecunque
964 1802 985 1849 a
1010 1776 1113 1851 sacro·

194 1906 296 1973 'rum
309 1897 500 1977 horundeur
517 1897 698 1979 (ultoribus
716 1893 942 1999 suscipiuntur.
994 1894 1112 1993 Agno-
1151 1888 1155 1953 ἶ

183 2088 187 2095 ,
217 1998 270 2088 sco
291 2016 382 2104 Viri,
409 2022 594 2117 quicunque
608 2022 636 2087 is
654 2013 790 2093 demum
806 2010 918 2094 fuerit,
931 2015 1056 2111 (neque
1067 2037 1140 2087 ta·-

219 2157 299 2207 men
324 2135 491 2229 inquirere
516 2138 552 2207 iu
575 2131 722 2207 eiusdem
749 2155 874 2227 nomen
903 2130 1030 2225 audeo,
1052 2131 1112 2207 nisi

218 2244 334 2346 sponte
349 2243 383 2321 id
401 2238 532 2319 fortean
547 2246 571 2320 s
560 2247 719 2348 gnifices
721 2253 733 2341 )
756 2246 978 2323 eruditionem
1002 2255 1111 2335 erimi-
1149 2264 1153 2283 ¹

199 2392 286 2455 ·am,
305 2390 366 2443 nec
385 2387 523 2477 parurn,
540 2363 660 2497 fateor,
677 2393 742 2465 pro
759 2366 916 2466 impenso
926 2367 1042 2447 labore
1065 2367 1111 2443 illi

220 2479 335 2555 debeo.
388 2477 549 2555 Idunum
567 2486 684 2572 miror,
711 2483 799 2581 quod
819 2482 956 2557 Mishna
975 2484 1111 2567 IXscrr'·

218 2596 281 2683 bit,
305 2591 408 2671 visam
436 2592 557 2667 mihi
547 2607 717 2697 interpreti
742 2599 962 2679 difficiliorem
982 2604 1113 2683 redditu
1138 2662 1149 2673 ,

217 2714 313 2794 fuisse
328 2704 600 2815 phrasronnun
625 2732 711 2800 :Mn
742 2731 863 2820 ΝῚΠΨ,
899 2748 990 2811 cum,
1009 2722 1113 2814 illum,

220 2835 260 2907 de
278 2859 344 2939 quo
357 2831 462 2910 sermo
481 2832 526 2909 ibi
549 2835 606 2927 est,
627 2837 668 2913 ad
689 2836 927 2912 restitutionem
947 2847 1112 2941 primitia·

220 2976 297 3031 rum
312 2949 466 3048 obligari,
480 2949 594 3030 diserte
611 2953 807 3059 scripserim.
847 3020 852 3027 .
865 2956 1019 3035 Dubium
1032 2960 1113 3063 prae.

220 3092 306 3149 terea
333 3065 440 3141 visum
459 3070 547 3143 Viro
569 3080 711 3172 optimo,
736 3103 795 3147 cur
815 3074 961 3155 Mishnae
979 3104 1050 3155 non
1064 3080 1125 3156 [ο.
1147 3130 1152 3137 .

219 3187 289 3259 sum
307 3186 443 3271 ultim,
469 3187 520 3261 sed
545 3191 578 3261 dr
600 3190 665 3279 alii,
682 3188 876 3268 historicum
899 3192 1110 3277 attribuerim

87 3347 109 3363 ’κ
219 3303 351 3386 stilum:
415 3305 504 3405 quod
534 3335 636 3386 nemo
676 3306 773 3433 facile
802 3312 994 3401 mirabiuu,
1030 3340 1110 3389 curn

951 3430 1109 3603 Mithnae
